@BOOK{mittelbach2004,
title = {The {{\LaTeX}} Companion},
publisher = {Addison-Wesley},
year = {2004},
author = {Frank Mittelbach and Michel Goossens},
series = {Tools and Techniques for Computer Typesetting},
address = {Boston},
edition = {Second}
}
@article{刘伟2020疫情冲击下的,
	title={疫情冲击下的2020年中国经济形势与政策选择},
	author={刘伟 and 苏剑},
	journal={社会科学研究},
	volume={No.248},
	number={03},
	pages={28-35},
	year={2020},
}